
@incollection{sparc,
  title={Towards Answer Set Programming with Sorts},
  author={Balai, Evgenii and Gelfond, Michael and Zhang, Yuanlin},
  booktitle={Logic Programming and Nonmonotonic Reasoning},
  pages={135--147},
  year={2013},
  publisher={Springer}
}

@article{crrule,
author = {Balduccini, Marcello and Gelfond, Michael},
year = {2003},
month = {02},
pages = {},
title = {Logic Programs with Consistency-Restoring Rules},
journal = {International Symposium on Logical Formalization of Commonsense Reasoning}
}


@article{paper,
  title={Probabilistic reasoning with answer sets},
  author={Baral, Chitta and Gelfond, Michael and Rushton, Nelson},
  journal={Theory and Practice of Logic Programming},
  volume={9},
  number={1},
  pages={57--144},
  year={2009},
  publisher={Cambridge University Press}
}

@book{gelfond2014knowledge,
  title={Knowledge representation, reasoning, and the design of intelligent agents: The answer-set programming approach},
  author={Gelfond, Michael and Kahl, Yulia},
  year={2014},
  publisher={Cambridge University Press}
}

@Article{Balai2019,
author="Balai, Evgenii
and Gelfond, Michael
and Zhang, Yuanlin",
title="P-log: refinement and a new coherency condition",
journal="Annals of Mathematics and Artificial Intelligence",
year="2019",
month="Jul",
day="01",
volume="86",
number="1",
pages="149--192",
issn="1573-7470",
doi="10.1007/s10472-019-09620-2",
url="https://doi.org/10.1007/s10472-019-09620-2"
}

@phdthesis{zhu2012plog,
  title={Plog: Its algorithms and applications},
  author={Zhu, Weijun},
  year={2012}
}

@phdthesis{balai2017investigating,
  title={Investigating and Extending P-log},
  author={Balai, Evgenii and others},
  year={2017}
}



